@online{logo,
  author = {Boskampi},
  title = {Computer Code},
  year = 2016,
  url = {https://pixabay.com/photos/computer-computer-code-programming-1873831/},
  urldate = {2020-02-24}
}

